<record><leader>00000cas a22000007a 4500</leader><controlfield tag="001">12205458</controlfield><controlfield tag="008">850627d18971900iauwr ne      0    0eng d</controlfield><datafield ind1=" " ind2=" " tag="010"><subfield code="a">sn 85049656 </subfield></datafield><datafield ind1=" " ind2=" " tag="040"><subfield code="a">INP</subfield><subfield code="b">eng</subfield><subfield code="c">INP</subfield><subfield code="d">OCLCQ</subfield></datafield><datafield ind1=" " ind2=" " tag="042"><subfield code="a">msc</subfield></datafield><datafield ind1="0" ind2="0" tag="245"><subfield code="a">Cedar County Republican.</subfield></datafield><datafield ind1=" " ind2=" " tag="260"><subfield code="a">Tipton, Iowa :</subfield><subfield code="b">Casterline Bros.</subfield></datafield><datafield ind1=" " ind2=" " tag="300"><subfield code="a">v. :</subfield><subfield code="b">ill. ;</subfield><subfield code="c">55-60 cm.</subfield></datafield><datafield ind1=" " ind2=" " tag="310"><subfield code="a">Weekly</subfield></datafield><datafield ind1="1" ind2=" " tag="362"><subfield code="a">Began in Mar. 1897? Ceased in 1900?</subfield><subfield code="z">Cf. Bibl. of Iowa newspapers.</subfield></datafield><datafield ind1=" " ind2=" " tag="500"><subfield code="a">Editor: F.W. Casterline, &lt;Jan. 31, 1899-Jan. 24, 1900&gt;.</subfield></datafield><datafield ind1=" " ind2=" " tag="588"><subfield code="a">Description based on: Vol. 4, no. 1 (Jan. 31, 1899).</subfield></datafield><datafield ind1=" " ind2=" " tag="752"><subfield code="a">United States</subfield><subfield code="b">Iowa</subfield><subfield code="c">Cedar</subfield><subfield code="d">Tipton.</subfield></datafield><datafield ind1="0" ind2="0" tag="780"><subfield code="t">Bennett independent</subfield></datafield><datafield ind1="0" ind2="4" tag="785"><subfield code="t">Tipton advertiser</subfield><subfield code="g">1900</subfield><subfield code="w">(DLC)sn 84027398</subfield></datafield><datafield ind1="1" ind2=" " tag="029"><subfield code="a">AU@</subfield><subfield code="b">000025783746</subfield></datafield></record>